@inproceedings{he2016resnet,
  title={Deep residual learning for image recognition},
  author={He, Kaiming and Zhang, Xiangyu and Ren, Shaoqing and Sun, Jian},
  booktitle={Proceedings of the IEEE Conference on Computer Vision and Pattern Recognition},
  pages={770-778},
  year={2016}
}

@article{opper1995statistical,
    author = {Manfred Opper},
    title = {Statistical mechanics of learning: Generalization},
    journal = {The handbook of brain theory and neural networks},
    year = {1995},
    pages = {922-925}
}

@article{opper2001learning,
    author = {Manfred Opper},
    title = {Learning to generalize},
    journal = {Frontiers of Life, 3(part 2)},
    year = {2001},
    pages = {763-775}
}

@article{belkin2020two,
  title={Two models of double descent for weak features},
  author={Mikhail Belkin and Daniel Hsu and Ji Xu},
  journal={SIAM Journal on Mathematics of Data Science},
  volume={2},
  number={4},
  pages={1167-1180},
  year={2020}
}

@article{hastie2022surprises,
  title={Surprises in high-dimensional ridgeless least squares interpolation},
  author={Trevor Hastie and Andrea Montanari and Saharon Rosset and Ryan J Tibshirani},
  journal={Annals of statistics},
  volume={50},
  number={2},
  pages={949},
  year={2022}
}

@misc{nakkiran2019more,
  title={More data can hurt for linear regression: Sample-wise double descent},
  author={Preetum Nakkiran},
  year={2019}
}

@misc{nakkiran2020optimal,
  title={Optimal regularization can mitigate double descent},
  author={Nakkiran, Preetum and Venkat, Prayaag and Kakade, Sham and Ma, Tengyu},
  year={2020}
}

@article{mei2022generalization,
  title={The generalization error of random features regression: Precise asymptotics and the double descent curve},
  author={Mei, Song and Montanari, Andrea},
  journal={Communications on Pure and Applied Mathematics},
  volume={75},
  number={4},
  pages={667-766},
  year={2022}
}

@article{belkin2019reconciling,
  title={Reconciling modern machine-learning practice and the classical bias--variance trade-off},
  author={Belkin, Mikhail and Hsu, Daniel and Ma, Siyuan and Mandal, Soumik},
  journal={Proceedings of the National Academy of Sciences},
  volume={116},
  number={32},
  pages={15849-15854},
  year={2019}
}

@book{james2021introduction,
  title={An introduction to statistical learning},
  author={James, Gareth and Witten, Daniela and Hastie, Trevor and Tibshirani, Robert and others},
  volume={112},
  number={1},
  publisher={Springer},
  year=2021
}